<?xml version="1.0" encoding="UTF-8"?><collection xmlns="http://www.loc.gov/MARC21/slim"><record><leader>00522nam--2200169-i-4500</leader><controlfield tag="001">000000941</controlfield><controlfield tag="002">20161230</controlfield><controlfield tag="005">20161230201024</controlfield><controlfield tag="008">060222s1000------------r-----000-0-eng-d</controlfield><datafield ind1=" " ind2=" " tag="040"><subfield code="a">IFIN-HH</subfield></datafield><datafield ind1=" " ind2=" " tag="080"><subfield code="a">539.1.074.3:539.12</subfield></datafield><datafield ind1="1" ind2=" " tag="100"><subfield code="a">Akimov, Yu.K</subfield></datafield><datafield ind1="1" ind2="0" tag="245"><subfield code="a">Scintillation counters in hich energy physics</subfield><subfield code="b">Translated by scripta technica, inc. edited by d.hywel white</subfield><subfield code="c">K.yu. akimov</subfield></datafield><datafield ind1=" " ind2=" " tag="260"><subfield code="a">New York</subfield><subfield code="b">Academic Press</subfield><subfield code="c">1965</subfield></datafield><datafield ind1=" " ind2=" " tag="300"><subfield code="a">198P</subfield></datafield><datafield ind1=" " ind2=" " tag="852"><subfield code="a">22206</subfield><subfield code="c">539.1.07:539.1.08</subfield></datafield><datafield ind1=" " ind2=" " tag="CAT"><subfield code="a">Sys</subfield><subfield code="c">20111019</subfield><subfield code="h">101907</subfield></datafield></record></collection>